@article{2019NatAs...3..524N,
 adsnote = {Provided by the SAO/NASA Astrophysics Data System},
 adsurl = {https://ui.adsabs.harvard.edu/abs/2019NatAs...3..524N},
 alphabetical = {false},
 archiveprefix = {arXiv},
 author = {{Niikura}, Hiroko and {Takada}, Masahiro and {Yasuda}, Naoki and {Lupton}, Robert H. and {Sumi}, Takahiro and {More}, Surhud and {Kurita}, Toshiki and \myname{{Sugiyama}, Sunao} and {More}, Anupreeta and {Oguri}, Masamune and {Chiba}, Masashi},
 contribution = {major},
 doi = {10.1038/s41550-019-0723-1},
 eprint = {1701.02151},
 journal = {Nature Astronomy},
 keywords = {Astrophysics - Cosmology and Nongalactic Astrophysics, Astrophysics - Astrophysics of Galaxies},
 month = {April},
 pages = {524-534},
 primaryclass = {astro-ph.CO},
 title = {{Microlensing constraints on primordial black holes with Subaru/HSC Andromeda observations}},
 volume = {3},
 year = {2019}
}

@article{2020MNRAS.493.3632S,
 adsnote = {Provided by the SAO/NASA Astrophysics Data System},
 adsurl = {https://ui.adsabs.harvard.edu/abs/2020MNRAS.493.3632S},
 alphabetical = {false},
 archiveprefix = {arXiv},
 author = {\myname{{Sugiyama}, Sunao} and {Kurita}, Toshiki and {Takada}, Masahiro},
 contribution = {major},
 doi = {10.1093/mnras/staa407},
 eprint = {1905.06066},
 journal = {\mnras},
 keywords = {gravitational lensing: micro, dark matter, cosmology: theory, Astrophysics - Cosmology and Nongalactic Astrophysics},
 month = {April},
 number = {3},
 pages = {3632-3641},
 primaryclass = {astro-ph.CO},
 title = {{On the wave optics effect on primordial black hole constraints from optical microlensing search}},
 volume = {493},
 year = {2020}
}

@article{2020PhRvD.102h3520S,
 adsnote = {Provided by the SAO/NASA Astrophysics Data System},
 adsurl = {https://ui.adsabs.harvard.edu/abs/2020PhRvD.102h3520S},
 alphabetical = {false},
 archiveprefix = {arXiv},
 author = {\myname{{Sugiyama}, Sunao} and {Takada}, Masahiro and {Kobayashi}, Yosuke and {Miyatake}, Hironao and {Shirasaki}, Masato and {Nishimichi}, Takahiro and {Park}, Youngsoo},
 contribution = {major},
 doi = {10.1103/PhysRevD.102.083520},
 eid = {083520},
 eprint = {2008.06873},
 journal = {\prd},
 keywords = {Astrophysics - Cosmology and Nongalactic Astrophysics},
 month = {October},
 number = {8},
 pages = {083520},
 primaryclass = {astro-ph.CO},
 title = {{Validating a minimal galaxy bias method for cosmological parameter inference using HSC-SDSS mock catalogs}},
 volume = {102},
 year = {2020}
}

@article{2020PhRvL.125r1304K,
 adsnote = {Provided by the SAO/NASA Astrophysics Data System},
 adsurl = {https://ui.adsabs.harvard.edu/abs/2020PhRvL.125r1304K},
 alphabetical = {true},
 archiveprefix = {arXiv},
 author = {{Kusenko}, Alexander and {Sasaki}, Misao and \myname{{Sugiyama}, Sunao} and {Takada}, Masahiro and {Takhistov}, Volodymyr and {Vitagliano}, Edoardo},
 contribution = {major},
 doi = {10.1103/PhysRevLett.125.181304},
 eid = {181304},
 eprint = {2001.09160},
 journal = {\prl},
 keywords = {Astrophysics - Cosmology and Nongalactic Astrophysics, General Relativity and Quantum Cosmology, High Energy Physics - Theory},
 month = {October},
 number = {18},
 pages = {181304},
 primaryclass = {astro-ph.CO},
 title = {{Exploring Primordial Black Holes from the Multiverse with Optical Telescopes}},
 volume = {125},
 year = {2020}
}

@article{2021arXiv210803063S,
 adsnote = {Provided by the SAO/NASA Astrophysics Data System},
 adsurl = {https://ui.adsabs.harvard.edu/abs/2021arXiv210803063S},
 alphabetical = {false},
 archiveprefix = {arXiv},
 author = {\myname{{Sugiyama}, Sunao} and {Takada}, Masahiro and {Kusenko}, Alexander},
 contribution = {major},
 eid = {arXiv:2108.03063},
 eprint = {2108.03063},
 journal = {arXiv e-prints},
 keywords = {High Energy Physics - Phenomenology, Astrophysics - Cosmology and Nongalactic Astrophysics},
 month = {August},
 pages = {arXiv:2108.03063},
 primaryclass = {hep-ph},
 title = {{Possible evidence of QCD axion stars in HSC and OGLE microlensing events}},
 year = {2021}
}

@article{2021PhLB..81436097S,
 adsnote = {Provided by the SAO/NASA Astrophysics Data System},
 adsurl = {https://ui.adsabs.harvard.edu/abs/2021PhLB..81436097S},
 alphabetical = {false},
 archiveprefix = {arXiv},
 author = {\myname{{Sugiyama}, Sunao} and {Takhistov}, Volodymyr and {Vitagliano}, Edoardo and {Kusenko}, Alexander and {Sasaki}, Misao and {Takada}, Masahiro},
 contribution = {major},
 doi = {10.1016/j.physletb.2021.136097},
 eid = {136097},
 eprint = {2010.02189},
 journal = {Physics Letters B},
 keywords = {Astrophysics - Cosmology and Nongalactic Astrophysics, Astrophysics - Astrophysics of Galaxies, High Energy Physics - Phenomenology},
 month = {March},
 pages = {136097},
 primaryclass = {astro-ph.CO},
 title = {{Testing stochastic gravitational wave signals from primordial black holes with optical telescopes}},
 volume = {814},
 year = {2021}
}

@article{2022ApJ...937...63S,
 adsnote = {Provided by the SAO/NASA Astrophysics Data System},
 adsurl = {https://ui.adsabs.harvard.edu/abs/2022ApJ...937...63S},
 alphabetical = {false},
 archiveprefix = {arXiv},
 author = {\myname{{Sugiyama}, Sunao}},
 contribution = {major},
 doi = {10.3847/1538-4357/ac8df1},
 eid = {63},
 eprint = {2203.06637},
 journal = {\apj},
 keywords = {Gravitational microlensing, Publicly available software, 672, 1864, Astrophysics - Instrumentation and Methods for Astrophysics, Astrophysics - Astrophysics of Galaxies},
 month = {October},
 number = {2},
 pages = {63},
 primaryclass = {astro-ph.IM},
 title = {{Fast Fourier Transformation Based Evaluation of Microlensing Magnification with Extended Source}},
 volume = {937},
 year = {2022}
}

@article{2022arXiv221203257Z,
 adsnote = {Provided by the SAO/NASA Astrophysics Data System},
 adsurl = {https://ui.adsabs.harvard.edu/abs/2022arXiv221203257Z},
 alphabetical = {false},
 archiveprefix = {arXiv},
 author = {{Zhang}, Tianqing and {Li}, Xiangchong and {Dalal}, Roohi and {Mandelbaum}, Rachel and {Strauss}, Michael A. and {Kannawadi}, Arun and {Miyatake}, Hironao and {Nicola}, Andrina and {Plazas Malag{\'o}n}, Andr{\'e}s A. and {Shirasaki}, Masato and \myname{{Sugiyama}, Sunao} and {Takada}, Masahiro},
 contribution = {minor},
 eid = {arXiv:2212.03257},
 eprint = {2212.03257},
 journal = {arXiv e-prints},
 keywords = {Astrophysics - Cosmology and Nongalactic Astrophysics},
 month = {December},
 pages = {arXiv:2212.03257},
 primaryclass = {astro-ph.CO},
 title = {{A General Framework for Removing Point Spread Function Additive Systematics in Cosmological Weak Lensing Analysis}},
 year = {2022}
}

@article{2022PhRvD.105l3537S,
 adsnote = {Provided by the SAO/NASA Astrophysics Data System},
 adsurl = {https://ui.adsabs.harvard.edu/abs/2022PhRvD.105l3537S},
 alphabetical = {false},
 archiveprefix = {arXiv},
 author = {\myname{{Sugiyama}, Sunao} and {Takada}, Masahiro and {Miyatake}, Hironao and {Nishimichi}, Takahiro and {Shirasaki}, Masato and {Kobayashi}, Yosuke and {Mandelbaum}, Rachel and {More}, Surhud and {Takahashi}, Ryuichi and {Osato}, Ken and {Oguri}, Masamune and {Coupon}, Jean and {Hikage}, Chiaki and {Hsieh}, Bau-Ching and {Komiyama}, Yutaka and {Leauthaud}, Alexie and {Li}, Xiangchong and {Luo}, Wentao and {Lupton}, Robert H. and {Murayama}, Hitoshi and {Nishizawa}, Atsushi J. and {Park}, Youngsoo and {Price}, Paul A. and {Simet}, Melanie and {Speagle}, Joshua S. and {Strauss}, Michael A. and {Tanaka}, Masayuki},
 contribution = {major},
 doi = {10.1103/PhysRevD.105.123537},
 eid = {123537},
 eprint = {2111.10966},
 journal = {\prd},
 keywords = {Astrophysics - Cosmology and Nongalactic Astrophysics},
 month = {June},
 number = {12},
 pages = {123537},
 primaryclass = {astro-ph.CO},
 title = {{HSC Year 1 cosmology results with the minimal bias method: HSC {\texttimes}BOSS galaxy-galaxy weak lensing and BOSS galaxy clustering}},
 volume = {105},
 year = {2022}
}

@article{2022PhRvD.106h3519M,
 adsnote = {Provided by the SAO/NASA Astrophysics Data System},
 adsurl = {https://ui.adsabs.harvard.edu/abs/2022PhRvD.106h3519M},
 alphabetical = {false},
 archiveprefix = {arXiv},
 author = {{Miyatake}, Hironao and {Kobayashi}, Yosuke and {Takada}, Masahiro and {Nishimichi}, Takahiro and {Shirasaki}, Masato and \myname{{Sugiyama}, Sunao} and {Takahashi}, Ryuichi and {Osato}, Ken and {More}, Surhud and {Park}, Youngsoo},
 contribution = {major},
 doi = {10.1103/PhysRevD.106.083519},
 eid = {083519},
 eprint = {2101.00113},
 journal = {\prd},
 keywords = {Astrophysics - Cosmology and Nongalactic Astrophysics, Astrophysics - Astrophysics of Galaxies, General Relativity and Quantum Cosmology},
 month = {October},
 number = {8},
 pages = {083519},
 primaryclass = {astro-ph.CO},
 title = {{Cosmological inference from an emulator based halo model. I. Validation tests with HSC and SDSS mock catalogs}},
 volume = {106},
 year = {2022}
}

@article{2022PhRvD.106h3520M,
 adsnote = {Provided by the SAO/NASA Astrophysics Data System},
 adsurl = {https://ui.adsabs.harvard.edu/abs/2022PhRvD.106h3520M},
 alphabetical = {false},
 archiveprefix = {arXiv},
 author = {{Miyatake}, Hironao and \myname{{Sugiyama}, Sunao} and {Takada}, Masahiro and {Nishimichi}, Takahiro and {Shirasaki}, Masato and {Kobayashi}, Yosuke and {Mandelbaum}, Rachel and {More}, Surhud and {Oguri}, Masamune and {Osato}, Ken and {Park}, Youngsoo and {Takahashi}, Ryuichi and {Coupon}, Jean and {Hikage}, Chiaki and {Hsieh}, Bau-Ching and {Komiyama}, Yutaka and {Leauthaud}, Alexie and {Li}, Xiangchong and {Luo}, Wentao and {Lupton}, Robert H. and {Miyazaki}, Satoshi and {Murayama}, Hitoshi and {Nishizawa}, Atsushi J. and {Price}, Paul A. and {Simet}, Melanie and {Speagle}, Joshua S. and {Strauss}, Michael A. and {Tanaka}, Masayuki and {Yoshida}, Naoki},
 contribution = {major},
 doi = {10.1103/PhysRevD.106.083520},
 eid = {083520},
 eprint = {2111.02419},
 journal = {\prd},
 keywords = {Astrophysics - Cosmology and Nongalactic Astrophysics},
 month = {October},
 number = {8},
 pages = {083520},
 primaryclass = {astro-ph.CO},
 title = {{Cosmological inference from an emulator based halo model. II. Joint analysis of galaxy-galaxy weak lensing and galaxy clustering from HSC-Y1 and SDSS}},
 volume = {106},
 year = {2022}
}

@article{2023MNRAS.518.5171P,
 adsnote = {Provided by the SAO/NASA Astrophysics Data System},
 adsurl = {https://ui.adsabs.harvard.edu/abs/2023MNRAS.518.5171P},
 alphabetical = {false},
 archiveprefix = {arXiv},
 author = {{Park}, Youngsoo and {Sunayama}, Tomomi and {Takada}, Masahiro and {Kobayashi}, Yosuke and {Miyatake}, Hironao and {More}, Surhud and {Nishimichi}, Takahiro and \myname{{Sugiyama}, Sunao}},
 contribution = {minor},
 doi = {10.1093/mnras/stac3410},
 eprint = {2112.09059},
 journal = {\mnras},
 keywords = {galaxies: clusters: general, large-scale structure of Universe, gravitational lensing: weak, cosmology: theory, Astrophysics - Cosmology and Nongalactic Astrophysics},
 month = {February},
 number = {4},
 pages = {5171-5189},
 primaryclass = {astro-ph.CO},
 title = {{Cluster cosmology with anisotropic boosts: validation of a novel forward modelling analysis and application on SDSS redMaPPer clusters}},
 volume = {518},
 year = {2023}
}
