@article{Sunao2024,
  author = {Sunao Sugiyama, Masahiro Takada, Hironao Miyatake},
  title = {Weak Lensing Cosmology with Subaru HSC Data},
  journal = {ASJ EUREKA},
  year = {2024},
  volume = {117},
  number = {1},
  pages = {304--314},
  month = {May},
  adsurl = {https://www.asj.or.jp/jp/activities/geppou/item/117-5_304.pdf},
  note = {Astronimical Society of Japan}
}
