@article{2019NatAs...3..524N,
 adsnote = {Provided by the SAO/NASA Astrophysics Data System},
 adsurl = {https://ui.adsabs.harvard.edu/abs/2019NatAs...3..524N},
 alphabetical = {false},
 archiveprefix = {arXiv},
 author = {{Niikura}, Hiroko and {Takada}, Masahiro and {Yasuda}, Naoki and {Lupton}, Robert H. and {Sumi}, Takahiro and {More}, Surhud and {Kurita}, Toshiki and \myname{{Sugiyama}, Sunao} and {More}, Anupreeta and {Oguri}, Masamune and {Chiba}, Masashi},
 contribution = {major},
 doi = {10.1038/s41550-019-0723-1},
 eprint = {1701.02151},
 journal = {Nature Astronomy},
 keywords = {Astrophysics - Cosmology and Nongalactic Astrophysics, Astrophysics - Astrophysics of Galaxies},
 month = {April},
 pages = {524-534},
 primaryclass = {astro-ph.CO},
 title = {{Microlensing constraints on primordial black holes with Subaru/HSC Andromeda observations}},
 volume = {3},
 year = {2019}
}

@article{2020MNRAS.493.3632S,
 adsnote = {Provided by the SAO/NASA Astrophysics Data System},
 adsurl = {https://ui.adsabs.harvard.edu/abs/2020MNRAS.493.3632S},
 alphabetical = {false},
 archiveprefix = {arXiv},
 author = {\myname{{Sugiyama}, Sunao} and {Kurita}, Toshiki and {Takada}, Masahiro},
 contribution = {major},
 doi = {10.1093/mnras/staa407},
 eprint = {1905.06066},
 journal = {\mnras},
 keywords = {gravitational lensing: micro, dark matter, cosmology: theory, Astrophysics - Cosmology and Nongalactic Astrophysics},
 month = {April},
 number = {3},
 pages = {3632-3641},
 primaryclass = {astro-ph.CO},
 title = {{On the wave optics effect on primordial black hole constraints from optical microlensing search}},
 volume = {493},
 year = {2020}
}

@article{2020PhRvD.102h3520S,
 adsnote = {Provided by the SAO/NASA Astrophysics Data System},
 adsurl = {https://ui.adsabs.harvard.edu/abs/2020PhRvD.102h3520S},
 alphabetical = {false},
 archiveprefix = {arXiv},
 author = {\myname{{Sugiyama}, Sunao} and {Takada}, Masahiro and {Kobayashi}, Yosuke and {Miyatake}, Hironao and {Shirasaki}, Masato and {Nishimichi}, Takahiro and {Park}, Youngsoo},
 contribution = {major},
 doi = {10.1103/PhysRevD.102.083520},
 eid = {083520},
 eprint = {2008.06873},
 journal = {\prd},
 keywords = {Astrophysics - Cosmology and Nongalactic Astrophysics},
 month = {October},
 number = {8},
 pages = {083520},
 primaryclass = {astro-ph.CO},
 title = {{Validating a minimal galaxy bias method for cosmological parameter inference using HSC-SDSS mock catalogs}},
 volume = {102},
 year = {2020}
}

@article{2020PhRvL.125r1304K,
 adsnote = {Provided by the SAO/NASA Astrophysics Data System},
 adsurl = {https://ui.adsabs.harvard.edu/abs/2020PhRvL.125r1304K},
 alphabetical = {true},
 archiveprefix = {arXiv},
 author = {{Kusenko}, Alexander and {Sasaki}, Misao and \myname{{Sugiyama}, Sunao} and {Takada}, Masahiro and {Takhistov}, Volodymyr and {Vitagliano}, Edoardo},
 contribution = {major},
 doi = {10.1103/PhysRevLett.125.181304},
 eid = {181304},
 eprint = {2001.09160},
 journal = {\prl},
 keywords = {Astrophysics - Cosmology and Nongalactic Astrophysics, General Relativity and Quantum Cosmology, High Energy Physics - Theory},
 month = {October},
 number = {18},
 pages = {181304},
 primaryclass = {astro-ph.CO},
 title = {{Exploring Primordial Black Holes from the Multiverse with Optical Telescopes}},
 volume = {125},
 year = {2020}
}

@article{2021PhLB..81436097S,
 adsnote = {Provided by the SAO/NASA Astrophysics Data System},
 adsurl = {https://ui.adsabs.harvard.edu/abs/2021PhLB..81436097S},
 alphabetical = {false},
 archiveprefix = {arXiv},
 author = {\myname{{Sugiyama}, Sunao} and {Takhistov}, Volodymyr and {Vitagliano}, Edoardo and {Kusenko}, Alexander and {Sasaki}, Misao and {Takada}, Masahiro},
 contribution = {major},
 doi = {10.1016/j.physletb.2021.136097},
 eid = {136097},
 eprint = {2010.02189},
 journal = {Physics Letters B},
 keywords = {Astrophysics - Cosmology and Nongalactic Astrophysics, Astrophysics - Astrophysics of Galaxies, High Energy Physics - Phenomenology},
 month = {March},
 pages = {136097},
 primaryclass = {astro-ph.CO},
 title = {{Testing stochastic gravitational wave signals from primordial black holes with optical telescopes}},
 volume = {814},
 year = {2021}
}

@article{2022ApJ...937...63S,
 adsnote = {Provided by the SAO/NASA Astrophysics Data System},
 adsurl = {https://ui.adsabs.harvard.edu/abs/2022ApJ...937...63S},
 alphabetical = {false},
 archiveprefix = {arXiv},
 author = {\myname{{Sugiyama}, Sunao}},
 contribution = {major},
 doi = {10.3847/1538-4357/ac8df1},
 eid = {63},
 eprint = {2203.06637},
 journal = {\apj},
 keywords = {Gravitational microlensing, Publicly available software, 672, 1864, Astrophysics - Instrumentation and Methods for Astrophysics, Astrophysics - Astrophysics of Galaxies},
 month = {October},
 number = {2},
 pages = {63},
 primaryclass = {astro-ph.IM},
 title = {{Fast Fourier Transformation Based Evaluation of Microlensing Magnification with Extended Source}},
 volume = {937},
 year = {2022}
}

@article{2022PhRvD.105l3537S,
 adsnote = {Provided by the SAO/NASA Astrophysics Data System},
 adsurl = {https://ui.adsabs.harvard.edu/abs/2022PhRvD.105l3537S},
 alphabetical = {false},
 archiveprefix = {arXiv},
 author = {\myname{{Sugiyama}, Sunao} and {Takada}, Masahiro and {Miyatake}, Hironao and {Nishimichi}, Takahiro and {Shirasaki}, Masato and {Kobayashi}, Yosuke and {Mandelbaum}, Rachel and {More}, Surhud and {Takahashi}, Ryuichi and {Osato}, Ken and {Oguri}, Masamune and {Coupon}, Jean and {Hikage}, Chiaki and {Hsieh}, Bau-Ching and {Komiyama}, Yutaka and {Leauthaud}, Alexie and {Li}, Xiangchong and {Luo}, Wentao and {Lupton}, Robert H. and {Murayama}, Hitoshi and {Nishizawa}, Atsushi J. and {Park}, Youngsoo and {Price}, Paul A. and {Simet}, Melanie and {Speagle}, Joshua S. and {Strauss}, Michael A. and {Tanaka}, Masayuki},
 contribution = {major},
 doi = {10.1103/PhysRevD.105.123537},
 eid = {123537},
 eprint = {2111.10966},
 journal = {\prd},
 keywords = {Astrophysics - Cosmology and Nongalactic Astrophysics},
 month = {June},
 number = {12},
 pages = {123537},
 primaryclass = {astro-ph.CO},
 title = {{HSC Year 1 cosmology results with the minimal bias method: HSC {\texttimes}BOSS galaxy-galaxy weak lensing and BOSS galaxy clustering}},
 volume = {105},
 year = {2022}
}

@article{2022PhRvD.106h3519M,
 adsnote = {Provided by the SAO/NASA Astrophysics Data System},
 adsurl = {https://ui.adsabs.harvard.edu/abs/2022PhRvD.106h3519M},
 alphabetical = {false},
 archiveprefix = {arXiv},
 author = {{Miyatake}, Hironao and {Kobayashi}, Yosuke and {Takada}, Masahiro and {Nishimichi}, Takahiro and {Shirasaki}, Masato and \myname{{Sugiyama}, Sunao} and {Takahashi}, Ryuichi and {Osato}, Ken and {More}, Surhud and {Park}, Youngsoo},
 contribution = {major},
 doi = {10.1103/PhysRevD.106.083519},
 eid = {083519},
 eprint = {2101.00113},
 journal = {\prd},
 keywords = {Astrophysics - Cosmology and Nongalactic Astrophysics, Astrophysics - Astrophysics of Galaxies, General Relativity and Quantum Cosmology},
 month = {October},
 number = {8},
 pages = {083519},
 primaryclass = {astro-ph.CO},
 title = {{Cosmological inference from an emulator based halo model. I. Validation tests with HSC and SDSS mock catalogs}},
 volume = {106},
 year = {2022}
}

@article{2022PhRvD.106h3520M,
 adsnote = {Provided by the SAO/NASA Astrophysics Data System},
 adsurl = {https://ui.adsabs.harvard.edu/abs/2022PhRvD.106h3520M},
 alphabetical = {false},
 archiveprefix = {arXiv},
 author = {{Miyatake}, Hironao and \myname{{Sugiyama}, Sunao} and {Takada}, Masahiro and {Nishimichi}, Takahiro and {Shirasaki}, Masato and {Kobayashi}, Yosuke and {Mandelbaum}, Rachel and {More}, Surhud and {Oguri}, Masamune and {Osato}, Ken and {Park}, Youngsoo and {Takahashi}, Ryuichi and {Coupon}, Jean and {Hikage}, Chiaki and {Hsieh}, Bau-Ching and {Komiyama}, Yutaka and {Leauthaud}, Alexie and {Li}, Xiangchong and {Luo}, Wentao and {Lupton}, Robert H. and {Miyazaki}, Satoshi and {Murayama}, Hitoshi and {Nishizawa}, Atsushi J. and {Price}, Paul A. and {Simet}, Melanie and {Speagle}, Joshua S. and {Strauss}, Michael A. and {Tanaka}, Masayuki and {Yoshida}, Naoki},
 contribution = {major},
 doi = {10.1103/PhysRevD.106.083520},
 eid = {083520},
 eprint = {2111.02419},
 journal = {\prd},
 keywords = {Astrophysics - Cosmology and Nongalactic Astrophysics},
 month = {October},
 number = {8},
 pages = {083520},
 primaryclass = {astro-ph.CO},
 title = {{Cosmological inference from an emulator based halo model. II. Joint analysis of galaxy-galaxy weak lensing and galaxy clustering from HSC-Y1 and SDSS}},
 volume = {106},
 year = {2022}
}

@article{2023arXiv230913025S,
 adsnote = {Provided by the SAO/NASA Astrophysics Data System},
 adsurl = {https://ui.adsabs.harvard.edu/abs/2023arXiv230913025S},
 alphabetical = {false},
 archiveprefix = {arXiv},
 author = {{Sunayama}, Tomomi and {Miyatake}, Hironao and \myname{{Sugiyama}, Sunao} and {More}, Surhud and {Li}, Xiangchong and {Dalal}, Roohi and {Rau}, Markus Michael and {Shi}, Jingjing and {Chiu}, I-Non and {Shirasaki}, Masato and {Zhang}, Tianqing and {Nishizawa}, Atsushi J.},
 contribution = {minor},
 doi = {10.48550/arXiv.2309.13025},
 eid = {arXiv:2309.13025},
 eprint = {2309.13025},
 journal = {arXiv e-prints},
 keywords = {Astrophysics - Cosmology and Nongalactic Astrophysics},
 month = {September},
 pages = {arXiv:2309.13025},
 primaryclass = {astro-ph.CO},
 title = {{Optical Cluster Cosmology with SDSS redMaPPer clusters and HSC-Y3 lensing measurements}},
 year = {2023}
}

@article{2023MNRAS.518.5171P,
 adsnote = {Provided by the SAO/NASA Astrophysics Data System},
 adsurl = {https://ui.adsabs.harvard.edu/abs/2023MNRAS.518.5171P},
 alphabetical = {false},
 archiveprefix = {arXiv},
 author = {{Park}, Youngsoo and {Sunayama}, Tomomi and {Takada}, Masahiro and {Kobayashi}, Yosuke and {Miyatake}, Hironao and {More}, Surhud and {Nishimichi}, Takahiro and \myname{{Sugiyama}, Sunao}},
 contribution = {minor},
 doi = {10.1093/mnras/stac3410},
 eprint = {2112.09059},
 journal = {\mnras},
 keywords = {galaxies: clusters: general, large-scale structure of Universe, gravitational lensing: weak, cosmology: theory, Astrophysics - Cosmology and Nongalactic Astrophysics},
 month = {February},
 number = {4},
 pages = {5171-5189},
 primaryclass = {astro-ph.CO},
 title = {{Cluster cosmology with anisotropic boosts: validation of a novel forward modelling analysis and application on SDSS redMaPPer clusters}},
 volume = {518},
 year = {2023}
}

@article{2023MNRAS.525.2441Z,
 adsnote = {Provided by the SAO/NASA Astrophysics Data System},
 adsurl = {https://ui.adsabs.harvard.edu/abs/2023MNRAS.525.2441Z},
 alphabetical = {false},
 archiveprefix = {arXiv},
 author = {{Zhang}, Tianqing and {Li}, Xiangchong and {Dalal}, Roohi and {Mandelbaum}, Rachel and {Strauss}, Michael A. and {Kannawadi}, Arun and {Miyatake}, Hironao and {Nicola}, Andrina and {Malag{\'o}n}, Andr{\'e}s A. Plazas and {Shirasaki}, Masato and \myname{{Sugiyama}, Sunao} and {Takada}, Masahiro and {More}, Surhud},
 contribution = {minor},
 doi = {10.1093/mnras/stad1801},
 eprint = {2212.03257},
 journal = {\mnras},
 keywords = {gravitational lensing: weak, methods: data analysis, Astrophysics - Cosmology and Nongalactic Astrophysics},
 month = {October},
 number = {2},
 pages = {2441-2471},
 primaryclass = {astro-ph.CO},
 title = {{A general framework for removing point-spread function additive systematics in cosmological weak lensing analysis}},
 volume = {525},
 year = {2023}
}

@article{2023PhLB..84037891S,
 adsnote = {Provided by the SAO/NASA Astrophysics Data System},
 adsurl = {https://ui.adsabs.harvard.edu/abs/2023PhLB..84037891S},
 alphabetical = {false},
 author = {\myname{{Sugiyama}, Sunao} and {Takada}, Masahiro and {Kusenko}, Alexander},
 contribution = {major},
 doi = {10.1016/j.physletb.2023.137891},
 eid = {137891},
 eprint = {2108.03063},
 journal = {Physics Letters B},
 keywords = {Axion, Microlensing},
 month = {May},
 pages = {137891},
 title = {{Possible evidence of axion stars in HSC and OGLE microlensing events}},
 volume = {840},
 year = {2023}
}

@article{2023PhRvD.108l3517M,
 adsnote = {Provided by the SAO/NASA Astrophysics Data System},
 adsurl = {https://ui.adsabs.harvard.edu/abs/2023PhRvD.108l3517M},
 alphabetical = {false},
 archiveprefix = {arXiv},
 author = {{Miyatake}, Hironao and \myname{{Sugiyama}, Sunao} and {Takada}, Masahiro and {Nishimichi}, Takahiro and {Li}, Xiangchong and {Shirasaki}, Masato and {More}, Surhud and {Kobayashi}, Yosuke and {Nishizawa}, Atsushi J. and {Rau}, Markus M. and {Zhang}, Tianqing and {Takahashi}, Ryuichi and {Dalal}, Roohi and {Mandelbaum}, Rachel and {Strauss}, Michael A. and {Hamana}, Takashi and {Oguri}, Masamune and {Osato}, Ken and {Luo}, Wentao and {Kannawadi}, Arun and {Hsieh}, Bau-Ching and {Armstrong}, Robert and {Bosch}, James and {Komiyama}, Yutaka and {Lupton}, Robert H. and {Lust}, Nate B. and {MacArthur}, Lauren A. and {Miyazaki}, Satoshi and {Murayama}, Hitoshi and {Okura}, Yuki and {Price}, Paul A. and {Sunayama}, Tomomi and {Tait}, Philip J. and {Tanaka}, Masayuki and {Wang}, Shiang-Yu},
 contribution = {major},
 doi = {10.1103/PhysRevD.108.123517},
 eid = {123517},
 eprint = {2304.00704},
 journal = {\prd},
 keywords = {Astrophysics - Cosmology and Nongalactic Astrophysics},
 month = {December},
 number = {12},
 pages = {123517},
 primaryclass = {astro-ph.CO},
 title = {{Hyper Suprime-Cam Year 3 results: Cosmology from galaxy clustering and weak lensing with HSC and SDSS using the emulator based halo model}},
 volume = {108},
 year = {2023}
}

@article{2023PhRvD.108l3518L,
 adsnote = {Provided by the SAO/NASA Astrophysics Data System},
 adsurl = {https://ui.adsabs.harvard.edu/abs/2023PhRvD.108l3518L},
 alphabetical = {false},
 archiveprefix = {arXiv},
 author = {{Li}, Xiangchong and {Zhang}, Tianqing and \myname{{Sugiyama}, Sunao} and {Dalal}, Roohi and {Terasawa}, Ryo and {Rau}, Markus M. and {Mandelbaum}, Rachel and {Takada}, Masahiro and {More}, Surhud and {Strauss}, Michael A. and {Miyatake}, Hironao and {Shirasaki}, Masato and {Hamana}, Takashi and {Oguri}, Masamune and {Luo}, Wentao and {Nishizawa}, Atsushi J. and {Takahashi}, Ryuichi and {Nicola}, Andrina and {Osato}, Ken and {Kannawadi}, Arun and {Sunayama}, Tomomi and {Armstrong}, Robert and {Bosch}, James and {Komiyama}, Yutaka and {Lupton}, Robert H. and {Lust}, Nate B. and {MacArthur}, Lauren A. and {Miyazaki}, Satoshi and {Murayama}, Hitoshi and {Nishimichi}, Takahiro and {Okura}, Yuki and {Price}, Paul A. and {Tait}, Philip J. and {Tanaka}, Masayuki and {Wang}, Shiang-Yu},
 contribution = {major},
 doi = {10.1103/PhysRevD.108.123518},
 eid = {123518},
 eprint = {2304.00702},
 journal = {\prd},
 keywords = {Astrophysics - Cosmology and Nongalactic Astrophysics},
 month = {December},
 number = {12},
 pages = {123518},
 primaryclass = {astro-ph.CO},
 title = {{Hyper Suprime-Cam Year 3 results: Cosmology from cosmic shear two-point correlation functions}},
 volume = {108},
 year = {2023}
}

@article{2023PhRvD.108l3519D,
 adsnote = {Provided by the SAO/NASA Astrophysics Data System},
 adsurl = {https://ui.adsabs.harvard.edu/abs/2023PhRvD.108l3519D},
 alphabetical = {false},
 archiveprefix = {arXiv},
 author = {{Dalal}, Roohi and {Li}, Xiangchong and {Nicola}, Andrina and {Zuntz}, Joe and {Strauss}, Michael A. and \myname{{Sugiyama}, Sunao} and {Zhang}, Tianqing and {Rau}, Markus M. and {Mandelbaum}, Rachel and {Takada}, Masahiro and {More}, Surhud and {Miyatake}, Hironao and {Kannawadi}, Arun and {Shirasaki}, Masato and {Taniguchi}, Takanori and {Takahashi}, Ryuichi and {Osato}, Ken and {Hamana}, Takashi and {Oguri}, Masamune and {Nishizawa}, Atsushi J. and {Malag{\'o}n}, Andr{\'e}s A. Plazas and {Sunayama}, Tomomi and {Alonso}, David and {Slosar}, An{\v{z}}e and {Luo}, Wentao and {Armstrong}, Robert and {Bosch}, James and {Hsieh}, Bau-Ching and {Komiyama}, Yutaka and {Lupton}, Robert H. and {Lust}, Nate B. and {MacArthur}, Lauren A. and {Miyazaki}, Satoshi and {Murayama}, Hitoshi and {Nishimichi}, Takahiro and {Okura}, Yuki and {Price}, Paul A. and {Tait}, Philip J. and {Tanaka}, Masayuki and {Wang}, Shiang-Yu},
 contribution = {major},
 doi = {10.1103/PhysRevD.108.123519},
 eid = {123519},
 eprint = {2304.00701},
 journal = {\prd},
 keywords = {Astrophysics - Cosmology and Nongalactic Astrophysics},
 month = {December},
 number = {12},
 pages = {123519},
 primaryclass = {astro-ph.CO},
 title = {{Hyper Suprime-Cam Year 3 results: Cosmology from cosmic shear power spectra}},
 volume = {108},
 year = {2023}
}

@article{2023PhRvD.108l3520M,
 adsnote = {Provided by the SAO/NASA Astrophysics Data System},
 adsurl = {https://ui.adsabs.harvard.edu/abs/2023PhRvD.108l3520M},
 alphabetical = {false},
 archiveprefix = {arXiv},
 author = {{More}, Surhud and \myname{{Sugiyama}, Sunao} and {Miyatake}, Hironao and {Rau}, Markus Michael and {Shirasaki}, Masato and {Li}, Xiangchong and {Nishizawa}, Atsushi J. and {Osato}, Ken and {Zhang}, Tianqing and {Takada}, Masahiro and {Hamana}, Takashi and {Takahashi}, Ryuichi and {Dalal}, Roohi and {Mandelbaum}, Rachel and {Strauss}, Michael A. and {Kobayashi}, Yosuke and {Nishimichi}, Takahiro and {Oguri}, Masamune and {Luo}, Wentao and {Kannawadi}, Arun and {Hsieh}, Bau-Ching and {Armstrong}, Robert and {Bosch}, James and {Komiyama}, Yutaka and {Lupton}, Robert H. and {Lust}, Nate B. and {MacArthur}, Lauren A. and {Miyazaki}, Satoshi and {Murayama}, Hitoshi and {Okura}, Yuki and {Price}, Paul A. and {Tait}, Philip J. and {Tanaka}, Masayuki and {Wang}, Shiang-Yu},
 contribution = {major},
 doi = {10.1103/PhysRevD.108.123520},
 eid = {123520},
 eprint = {2304.00703},
 journal = {\prd},
 keywords = {Astrophysics - Cosmology and Nongalactic Astrophysics},
 month = {December},
 number = {12},
 pages = {123520},
 primaryclass = {astro-ph.CO},
 title = {{Hyper Suprime-Cam Year 3 results: Measurements of clustering of SDSS-BOSS galaxies, galaxy-galaxy lensing, and cosmic shear}},
 volume = {108},
 year = {2023}
}

@article{2023PhRvD.108l3521S,
 adsnote = {Provided by the SAO/NASA Astrophysics Data System},
 adsurl = {https://ui.adsabs.harvard.edu/abs/2023PhRvD.108l3521S},
 alphabetical = {false},
 archiveprefix = {arXiv},
 author = {\myname{{Sugiyama}, Sunao} and {Miyatake}, Hironao and {More}, Surhud and {Li}, Xiangchong and {Shirasaki}, Masato and {Takada}, Masahiro and {Kobayashi}, Yosuke and {Takahashi}, Ryuichi and {Nishimichi}, Takahiro and {Nishizawa}, Atsushi J. and {Rau}, Markus M. and {Zhang}, Tianqing and {Dalal}, Roohi and {Mandelbaum}, Rachel and {Strauss}, Michael A. and {Hamana}, Takashi and {Oguri}, Masamune and {Osato}, Ken and {Kannawadi}, Arun and {Hsieh}, Bau-Ching and {Luo}, Wentao and {Armstrong}, Robert and {Bosch}, James and {Komiyama}, Yutaka and {Lupton}, Robert H. and {Lust}, Nate B. and {Miyazaki}, Satoshi and {Murayama}, Hitoshi and {Okura}, Yuki and {Price}, Paul A. and {Tait}, Philip J. and {Tanaka}, Masayuki and {Wang}, Shiang-Yu},
 contribution = {major},
 doi = {10.1103/PhysRevD.108.123521},
 eid = {123521},
 eprint = {2304.00705},
 journal = {\prd},
 keywords = {Astrophysics - Cosmology and Nongalactic Astrophysics},
 month = {December},
 number = {12},
 pages = {123521},
 primaryclass = {astro-ph.CO},
 title = {{Hyper Suprime-Cam Year 3 results: Cosmology from galaxy clustering and weak lensing with HSC and SDSS using the minimal bias model}},
 volume = {108},
 year = {2023}
}

@article{2024MNRAS.528.1487S,
 adsnote = {Provided by the SAO/NASA Astrophysics Data System},
 adsurl = {https://ui.adsabs.harvard.edu/abs/2024MNRAS.528.1487S},
 alphabetical = {false},
 archiveprefix = {arXiv},
 author = {{Shi}, Jingjing and {Sunayama}, Tomomi and {Kurita}, Toshiki and {Takada}, Masahiro and \myname{{Sugiyama}, Sunao} and {Mandelbaum}, Rachel and {Miyatake}, Hironao and {More}, Surhud and {Nishimichi}, Takahiro and {Johnston}, Harry},
 contribution = {minor},
 doi = {10.1093/mnras/stae064},
 eprint = {2306.09661},
 journal = {\mnras},
 keywords = {galaxies: clusters: general, large-scale structure of Universe, cosmology: observations, cosmology: theory, Astrophysics - Cosmology and Nongalactic Astrophysics, Astrophysics - Astrophysics of Galaxies},
 month = {February},
 number = {2},
 pages = {1487-1499},
 primaryclass = {astro-ph.CO},
 title = {{The intrinsic alignment of galaxy clusters and impact of projection effects}},
 volume = {528},
 year = {2024}
}
